<record><leader>00000cas a22000007a 4500</leader><controlfield tag="001">9931238</controlfield><controlfield tag="008">830921c19339999ksuwr ne      0    0eng d</controlfield><controlfield tag="009">3789</controlfield><datafield ind1=" " ind2=" " tag="010"><subfield code="a">sn 83040553 </subfield></datafield><datafield ind1=" " ind2=" " tag="040"><subfield code="a">KSH</subfield><subfield code="b">eng</subfield><subfield code="c">KSH</subfield><subfield code="d">NPT</subfield><subfield code="d">DLC</subfield><subfield code="d">OCL</subfield></datafield><datafield ind1=" " ind2=" " tag="042"><subfield code="a">msc</subfield></datafield><datafield ind1=" " ind2=" " tag="043"><subfield code="a">n-us-ks</subfield></datafield><datafield ind1="0" ind2="0" tag="050"><subfield code="a">Newspaper 7816</subfield></datafield><datafield ind1="0" ind2=" " tag="130"><subfield code="a">Horton headlight (Horton, Kan. : 1933)</subfield></datafield><datafield ind1="0" ind2="4" tag="245"><subfield code="a">The Horton headlight.</subfield></datafield><datafield ind1=" " ind2=" " tag="260"><subfield code="a">Horton, Kan. :</subfield><subfield code="b">Charles H. Browne, Headlight Pub. Co.,</subfield><subfield code="c">1933-</subfield></datafield><datafield ind1=" " ind2=" " tag="300"><subfield code="a">v. :</subfield><subfield code="b">ill. ;</subfield><subfield code="c">56 cm.</subfield></datafield><datafield ind1=" " ind2=" " tag="310"><subfield code="a">Weekly</subfield><subfield code="b">Aug. 4, 1966-</subfield></datafield><datafield ind1=" " ind2=" " tag="321"><subfield code="a">Semiweekly</subfield><subfield code="b">Aug. 24, 1933-July 28, 1966</subfield></datafield><datafield ind1="0" ind2=" " tag="362"><subfield code="a">Vol. 47, no. 97 (Aug. 24, 1933)-</subfield></datafield><datafield ind1=" " ind2=" " tag="500"><subfield code="a">Published on Monday and Thursday.</subfield></datafield><datafield ind1=" " ind2=" " tag="500"><subfield code="a">On masthead under title: The Headlight-commercial.</subfield></datafield><datafield ind1=" " ind2=" " tag="500"><subfield code="a">"Independent."</subfield></datafield><datafield ind1=" " ind2=" " tag="530"><subfield code="a">Also available on microfilm from Micro Photo Division, Bell &amp; Howell.</subfield></datafield><datafield ind1="1" ind2=" " tag="700"><subfield code="a">Browne, Charles H.</subfield></datafield><datafield ind1=" " ind2=" " tag="752"><subfield code="a">United States</subfield><subfield code="b">Kansas</subfield><subfield code="c">Brown</subfield><subfield code="d">Horton.</subfield></datafield><datafield ind1="0" ind2="0" tag="780"><subfield code="t">The Horton headlight-commercial</subfield><subfield code="w">(DLC)sn 83040552</subfield></datafield></record>